
@misc{network_grasshopper_nodate,
	title = {Grasshopper},
	url = {https://www.grasshopper3d.com/},
	abstract = {Grasshopper™ is a graphical algorithm editor tightly integrated with Rhino’s 3-D modeling tools.},
	language = {en},
	urldate = {2022-12-22},
	author = {Network, Scott Davidson created this Ning},
	file = {Snapshot:/Users/heejinchae/Zotero/storage/MEGNQ94Q/www.grasshopper3d.com.html:text/html},
}

@misc{tutorials_morpheus_2017,
	title = {The {Morpheus} {Hotel}: {From} {Design} to {Production}: {Live} {Webinar}},
	shorttitle = {The {Morpheus} {Hotel}},
	url = {https://vimeo.com/203509846},
	abstract = {February 8, 2017 Seattle, - London - Hong Kong Project leads from Zaha Hadid Architects http://www.zaha-hadid.com and Front Inc http://www.frontinc.com., fa\&ccedil;ade\&hellip;},
	urldate = {2022-12-23},
	author = {Tutorials, Rhino},
	month = feb,
	year = {2017},
	keywords = {Rhino},
	file = {Snapshot:/Users/heejinchae/Zotero/storage/3TKTJ93V/203509846.html:text/html},
}

@incollection{muller2006procedural,
  title={Procedural modeling of buildings},
  author={M{\"u}ller, Pascal and Wonka, Peter and Haegler, Simon and Ulmer, Andreas and Van Gool, Luc},
  booktitle={ACM SIGGRAPH 2006 Papers},
  pages={614--623},
  year={2006}
}