
@misc{network_grasshopper_nodate,
	title = {Grasshopper},
	url = {https://www.grasshopper3d.com/},
	abstract = {Grasshopper™ is a graphical algorithm editor tightly integrated with Rhino’s 3-D modeling tools.},
	language = {en},
	urldate = {2022-12-22},
	author = {Scott Davision},
	file = {Snapshot:/Users/heejinchae/Zotero/storage/MEGNQ94Q/www.grasshopper3d.com.html:text/html},
}
